@ONLINE{bib:opennebula,
	author = {OpenNebula documentation},
	url = {http://docs.opennebula.org/4.12/design_and_installation/quick_starts/qs_ubuntu_kvm.html}
}

@ONLINE{bib:kvm,
  author = {Lars Wirzenius' blog},
  url={http://blog.liw.fi/posts/kvm-for-ubuntu-iso-testing/}
}

@ONLINE{bib:jboss,
	author = {A JBoss installation guide},
	url = {https://www.digitalocean.com/community/tutorials/how-to-install-jboss-on-ubuntu-12-10-64bit}
}

@inproceedings{bib:dynamo,
  title={Dynamo: amazon's highly available key-value store},
  author={DeCandia, Giuseppe and Hastorun, Deniz and Jampani, Madan and Kakulapati, Gunavardhan and Lakshman, Avinash and Pilchin, Alex and Sivasubramanian, Swaminathan and Vosshall, Peter and Vogels, Werner},
  booktitle={ACM SIGOPS Operating Systems Review},
  volume={41},
  number={6},
  pages={205--220},
  year={2007},
  organization={ACM}
}

@inproceedings{bib:hashing,
  title={Consistent hashing and random trees: Distributed caching protocols for relieving hot spots on the World Wide Web},
  author={Karger, David and Lehman, Eric and Leighton, Tom and Panigrahy, Rina and Levine, Matthew and Lewin, Daniel},
  booktitle={Proceedings of the twenty-ninth annual ACM symposium on Theory of computing},
  pages={654--663},
  year={1997},
  organization={ACM}
}

@article{bib:lamport,
  title={Time, clocks, and the ordering of events in a distributed system},
  author={Lamport, Leslie},
  journal={Communications of the ACM},
  volume={21},
  number={7},
  pages={558--565},
  year={1978},
  publisher={ACM}
}

@techreport{bib:quorum,
  title={A quorum-based commit protocol},
  author={Skeen, Dale},
  year={1982},
  institution={Cornell University}
}

@misc{bib:vogels-blog,
	title={All Things Distributed},
	author={Vogels, Werner},
	howpublished="\url{www.allthingsdistributed.com/2007/12/eventually_consistent.html}"
}
