@book{jade:book,
  title={Developing Multi-Agent Systems with JADE},
  author={Bellifemine, F.L. and Caire, G. and Greenwood, D.},
  isbn={9780470058404},
  year={2007},
  publisher={Wiley}
}

@book{bettini:xtext,
  title={Implementing Domain-Specific Languages with Xtext and Xtend},
  author={Bettini, L.},
  isbn={9781782160311},
  year={2013},
  publisher={Packt Publishing, Limited}
}

@manual{xtext:web, 
  title     = {Xtext official documentation}, 
  url       = {eclipse.org/Xtext}
}

@manual{xtend:web,
  title     = {Xtend official documentation},
  url       = {eclipse.org/xtend}
}

@manual{jade:web,
  title     = {JADE official documentation},
  url       = {jade.tilab.com/documentation/tutorials-guides}
}

@thesis{braglia:tesi,
  author    = {Braglia, Massimiliano},
  title     = {Progettazione e Realizzazione di un Domain Specific Language per Agenti Software},
  year      = {2015},
  institution = {Università degli Studi di Parma},
  url       = {www.cs.unipr.it/Informatica/Tesi/Massimiliano_Braglia_20150325.pdf}
}

@thesis{monica:tesi,
  author    = {Monica, Riccardo},
  title     = {Introduzione del Supporto per Behaviour Complessi in un Linguaggio per Agenti Software},
  year      = {2013},
  institution = {Università degli Studi di Parma},
  url       = {www.cs.unipr.it/Informatica/Tesi/Riccardo_Monica_20131219.pdf}
}

@thesis{zambon:tesi,
  author    = {Zambon, Andrea},
  title     = {Progettazione e realizzazione di uno
strumento per la risoluzione distribuita e
decentralizzata di problemi di
soddisfacimento di vincoli},
  year      = {2009},
  institution = {Università degli Studi di Parma},
  url       = {www.cs.unipr.it/Informatica/Tesi/Andrea_Zambon_20091014.pdf}
}

@article{bergenti:jadel,
  title={An Introduction to the JADEL Programming Language},
  author={Bergenti, Federico},
  journal={Tools with Artificial Intelligence (ICTAI), 2014 IEEE 26th International Conference on},
  pages={974--978},
  year={2014},
  organization={IEEE}
}

@article{dcsp:article,
  title={The distributed constraint satisfaction problem: Formalization and algorithms},
  author={Yokoo, Makoto and Durfee, Edmund H and Ishida, Toru and Kuwabara, Kazuhiro},
  journal={Knowledge and Data Engineering, IEEE Transactions on},
  volume={10},
  number={5},
  pages={673--685},
  year={1998},
  publisher={IEEE}
}
